@article{mnih2015human,
  title={Human-level control through deep reinforcement learning},
  author={Mnih, Volodymyr and Kavukcuoglu, Koray and Silver, David and Rusu, Andrei A and Veness, Joel and Bellemare, Marc G and Graves, Alex and Riedmiller, Martin and Fidjeland, Andreas K and Ostrovski, Georg and others},
  journal={Nature},
  volume={518},
  number={7540},
  pages={529--533},
  year={2015},
  publisher={Nature Publishing Group}
}

@article{van2016deep,
  title={Deep reinforcement learning with double Q-learning},
  author={Van Hasselt, Hado and Guez, Arthur and Silver, David},
  journal={Proceedings of the AAAI Conference on Artificial Intelligence},
  volume={30},
  number={1},
  year={2016}
}

@inproceedings{wang2016dueling,
  title={Dueling network architectures for deep reinforcement learning},
  author={Wang, Ziyu and Schaul, Tom and Hessel, Matteo and Van Hasselt, Hado and Lanctot, Marc and De Freitas, Nando},
  booktitle={International conference on machine learning},
  pages={1995--2003},
  year={2016},
  organization={PMLR}
}

@inproceedings{hester2018deep,
  title={Deep Q-learning from demonstrations},
  author={Hester, Todd and Vecerik, Mel and Pietquin, Olivier and Lanctot, Marc and Schaul, Tom and Piot, Bilal and Hessel, Matteo and Aslanides, John and Silver, David},
  booktitle={Proceedings of the AAAI Conference on Artificial Intelligence},
  volume={32},
  number={1},
  year={2018}
}

@article{achiam2019towards,
  title={Towards characterizing divergence in deep Q-learning},
  author={Achiam, Joshua and Knight, Ethan and Abbeel, Pieter},
  journal={arXiv preprint arXiv:1903.08894},
  year={2019}
}

@article{tan2020strategy,
  title={Strategy and benchmark for converting deep Q-networks to event-driven spiking neural networks},
  author={Tan, Weihao and Patel, Devdhar and Kozma, Robert},
  journal={arXiv preprint arXiv:2009.14456},
  year={2020}
}

@inproceedings{hessel2018rainbow,
  title={Rainbow: Combining Improvements in Deep Reinforcement Learning},
  author={Hessel, Matteo and Modayil, Joseph and Van Hasselt, Hado and Schaul, Tom and Ostrovski, Georg and Dabney, Will and Horgan, Dan and Piot, Bilal and Azar, Mohammad G and Silver, David},
  booktitle={Proceedings of the AAAI Conference on Artificial Intelligence},
  volume={32},
  number={1},
  year={2018}
}

@article{van2016deep,
  title={Deep reinforcement learning with double Q-learning},
  author={Van Hasselt, Hado and Guez, Arthur and Silver, David},
  journal={Proceedings of the AAAI Conference on Artificial Intelligence},
  volume={30},
  number={1},
  year={2016}
}

@inproceedings{schaul2016prioritized,
  title={Prioritized experience replay},
  author={Schaul, Tom and Quan, John and Antonoglou, Ioannis and Silver, David},
  booktitle={International Conference on Learning Representations (ICLR)},
  year={2016}
}

@inproceedings{wang2016dueling,
  title={Dueling network architectures for deep reinforcement learning},
  author={Wang, Ziyu and Schaul, Tom and Hessel, Matteo and Van Hasselt, Hado and Lanctot, Marc and De Freitas, Nando},
  booktitle={International Conference on Machine Learning},
  pages={1995--2003},
  year={2016}
}

@inproceedings{bellemare2017distributional,
  title={A distributional perspective on reinforcement learning},
  author={Bellemare, Marc G and Dabney, Will and Munos, R{\'e}mi},
  booktitle={International Conference on Machine Learning},
  pages={449--458},
  year={2017}
}

@inproceedings{fortunato2018noisy,
  title={Noisy networks for exploration},
  author={Fortunato, Meire and Azar, Mohammad Gheshlaghi and Piot, Bilal and Menick, Jacob and Osband, Ian and Graves, Alex and Mnih, Vlad and Munos, Remi and Hassabis, Demis and Pietquin, Olivier and others},
  booktitle={International Conference on Learning Representations (ICLR)},
  year={2018}
}

@inproceedings{obando2021revisiting,
  title={Revisiting Rainbow: Promoting more insightful and inclusive deep reinforcement learning research},
  author={Obando-Ceron, Johan S and Castro, Pablo Samuel},
  booktitle={International Conference on Machine Learning},
  pages={8180--8190},
  year={2021},
  organization={PMLR}
}